@article{maurer2013,
  title={Estimating metacommunity extent using data on species abundances, environmental variation, and phylogenetic relationships across geographic space},
  author={Maurer, Brian A and Kembel, Steven W and Rominger, Andrew J and McGill, Brian J},
  journal={Ecological informatics},
  volume={13},
  pages={114--122},
  year={2013},
  publisher={Elsevier}
}

@article{rominger2009,
  title={Relative contributions of neutral and niche-based processes to the structure of a desert grassland grasshopper community},
  author={Rominger, Andrew J and Miller, Tom EX and Collins, Scott L},
  journal={Oecologia},
  volume={161},
  number={4},
  pages={791--800},
  year={2009},
  publisher={Springer-Verlag}
}

@article{karp2012,
  title={Intensive agriculture erodes $\beta$-diversity at large scales},
  author={Karp, Daniel S and Rominger, Andrew J and Zook, Jim and Ranganathan, Jai and Ehrlich, Paul R and Daily, Gretchen C},
  journal={Ecology Letters},
  volume={15},
  number={9},
  pages={963--970},
  year={2012}
}

@article{harte2013,
  title={Taxon Categories and the Universal Species-Area Relationship: (A Comment on {\v{S}}izling et al.,"Between Geometry and Biology: The Problem of Universality of the Species-Area Relationship")},
  author={Harte, John and Kitzes, Justin and Newman, Erica A and Rominger, Andrew J},
  journal={The American Naturalist},
  volume={181},
  number={2},
  pages={282--287},
  year={2013},
  publisher={University of Chicago Press Chicago, IL}
}

@article{rominger2016geb,
  title={Community assembly on isolated islands: macroecology meets evolution},
  author={Rominger, AJ and Goodman, KR and Lim, JY and Armstrong, EE and Becking, LE and Bennett, GM and Brewer, MS and Cotoras, DD and Ewing, CP and Harte, J and others},
  journal={Global ecology and biogeography},
  volume={25},
  number={7},
  pages={769--780},
  year={2016}
}

@article{harte2015,
  title={Integrating macroecological metrics and community taxonomic structure},
  author={Harte, John and Rominger, Andrew and Zhang, Wenyu},
  journal={Ecology letters},
  volume={18},
  number={10},
  pages={1068--1077},
  year={2015}
}

@article{sardinas2016,
  title={Sunflower (Helianthus annuus) pollination in California's Central Valley is limited by native bee nest site location},
  author={Sardi{\~n}as, Hillary S and Tom, Kathleen and Rominger, Andrew and Kremen, Claire},
  journal={Ecological applications},
  volume={26},
  number={2},
  pages={438--447},
  year={2016}
}

@article{rominger2017,
  title={meteR: an r package for testing the maximum entropy theory of ecology},
  author={Rominger, Andrew J and Merow, Cory},
  journal={Methods in Ecology and Evolution},
  volume={8},
  number={2},
  pages={241--247},
  year={2017}
}

@article{stegner2017,
  title={Can protected areas really maintain mammalian diversity? Insights from a nestedness analysis of the Colorado Plateau},
  author={Stegner, M Allison and Karp, Daniel S and Rominger, Andrew J and Hadly, Elizabeth A},
  journal={Biological Conservation},
  volume={209},
  pages={546--553},
  year={2017},
  publisher={Elsevier}
}

@article{odwyer2017,
  title={Reinterpreting maximum entropy in ecology: a null hypothesis constrained by ecological mechanism},
  author={Oâ€™Dwyer, James P and Rominger, Andrew and Xiao, Xiao},
  journal={Ecology letters},
  volume={20},
  number={7},
  pages={832--841},
  year={2017}
}

@article{romingerTREE,
  title={Linking evolutionary and ecological theory illuminates non-equilibrium biodiversity},
  author={Rominger, AJ and Overcast, I and Krehenwinkel, H and Gillespie, RG and Harte, J and Hickerson, MJ},
  journal={arXiv preprint arXiv:1705.04725},
  year={2017}
}

@article{harte2017,
  title={Metabolic partitioning across individuals in ecological communities},
  author={Harte, John and Newman, Erica A and Rominger, Andrew J},
  journal={Global Ecology and Biogeography},
  volume={26},
  number={9},
  pages={993--997},
  year={2017}
}

@article{romingerSstat,
  title={Punctuated non-equilibrium and niche conservatism explain biodiversity fluctuations through the Phanerozoic},
  author={Rominger, Andrew J and Fuentes, Miguel A and Marquet, Pablo},
  journal={arXiv preprint arXiv:1707.09268},
  year={2017}
}

@article{rominger2016biogeo,
  title={Biogeography, Ecological Theories in},
  author={Rominger, AJ},
  year={2016}
}

@article{krehenwinkel2017,
  title={Estimating and mitigating amplification bias in qualitative and quantitative arthropod metabarcoding},
  author={Krehenwinkel, Henrik and Wolf, Madeline and Lim, Jun Ying and Rominger, Andrew J and Simison, Warren B and Gillespie, Rosemary G},
  journal={Scientific reports},
  volume={7},
  number={1},
  pages={17668},
  year={2017},
  publisher={Nature Publishing Group}
}
